@inproceedings{pallickara2009granules,
  title={Granules: A lightweight, streaming runtime for cloud computing with support, for Map-Reduce},
  author={Pallickara, S. and Ekanayake, J. and Fox, G.},
  booktitle={Cluster Computing and Workshops, 2009. CLUSTER'09. IEEE International Conference on},
  pages={1--10},
  year={2009},
  organization={IEEE}
}

@inproceedings{pallickara2008overview,
  title={An overview of the granules runtime for cloud computing},
  author={Pallickara, S. and Ekanayake, J. and Fox, G.},
  booktitle={eScience, 2008. eScience'08. IEEE Fourth International Conference on},
  pages={412--413},
  year={2008},
  organization={IEEE}
}

@article{dean2008mapreduce,
  title={MapReduce: Simplified data processing on large clusters},
  author={Dean, J. and Ghemawat, S.},
  journal={Communications of the ACM},
  volume={51},
  number={1},
  pages={107--113},
  year={2008},
  publisher={ACM}
}

@inproceedings{ghemawat2003google,
  title={The Google file system},
  author={Ghemawat, S. and Gobioff, H. and Leung, S.T.},
  booktitle={ACM SIGOPS Operating Systems Review},
  volume={37},
  number={5},
  pages={29--43},
  year={2003},
  organization={ACM}
}

@inproceedings{hastorun2007dynamo,
  title={Dynamo: amazon's highly available key-value store},
  author={Hastorun, D. and others},
  author={Hastorun, D. and Jampani, M. and Kakulapati, G. and Pilchin, A. and Sivasubramanian, S. and Vosshall, P. and Vogels, W.},
  booktitle={SOSP},
  year={2007},
  organization={Citeseer}
}

@article{cudre2009demonstration,
  title={A demonstration of SciDB: a science-oriented DBMS},
  author={Cudr{\'e}-Mauroux, P. and Kimura, H. and Lim, K.T. and Rogers, J. and Simakov, R. and Soroush, E. and Velikhov, P. and Wang, D.L. and Balazinska, M. and Becla, J. and others},
  journal={Proceedings of the VLDB Endowment},
  volume={2},
  number={2},
  pages={1534--1537},
  year={2009},
  publisher={VLDB Endowment}
}

@inproceedings{brown2010overview,
  title={Overview of SciDB: large scale array storage, processing and analysis},
  author={Brown, P.G.},
  booktitle={Proceedings of the 2010 international conference on Management of data},
  pages={963--968},
  year={2010},
  organization={ACM}
}

@article{rew1990netcdf,
  title={NetCDF: an interface for scientific data access},
  author={Rew, R. and others},
  author={Rew, R. and Davis, G.},
  journal={Computer Graphics and Applications, IEEE},
  volume={10},
  number={4},
  pages={76--82},
  year={1990},
  publisher={IEEE}
}

@article{wells1981fits,
  title={FITS-a flexible image transport system},
  author={Wells, DC and Greisen, EW and Harten, RH},
  journal={Astronomy and Astrophysics Supplement Series},
  volume={44},
  pages={363},
  year={1981}
}

@webpage{geohash,
  Title={Geohash},
  Author={{Wikipedia Contributors}},
  Lastchecked = {2013-7-8},
  Url = {http://en.wikipedia.org/wiki/Geohash},
  Year = {2013}
}

@webpage{openpostcode,
  Title={Ireland's Postcode},
  Author={{Open Postcode Ireland}},
  Lastchecked = {2013-7-25},
  Url = {http://www.openpostcode.org/},
  Year = {2013}
}

@webpage{hbase,
  Author = {{The Apache Software Foundation}},
  Lastchecked = {2012-6-22},
  Title = {Apache HBase},
  Url = {http://hbase.apache.org},
  Year = {2012}
}

@webpage{jsi,
    title = {JSI (Java Spatial Index) RTree Library},
    Url = {http://jsi.sourceforge.net/},
}

@webpage{nam,
    author = {{NOAA}},
    lastchecked = {2013-7-11},
    title = {The North American Mesoscale Forecast System},
    url = {http://www.emc.ncep.noaa.gov/index.php?branch=NAM},
    year = {2013}
}

@article{koziol1998hdf5,
  title={HDF5--A New Generation of HDF: Reference Manual and User Guide},
  author={Koziol, Q. and others},
  author={Koziol, Q. and Matzke, R.},
  journal={National Center for Supercomputing Applications, Champaign, Illinois, USA, http://hdf. ncsa. uiuc. edu/nra/HDF5},
  year={1998}
}

@article{isard2007dryad,
  title={Dryad: distributed data-parallel programs from sequential building blocks},
  author={Isard, M. and Budiu, M. and Yu, Y. and Birrell, A. and Fetterly, D.},
  journal={ACM SIGOPS Operating Systems Review},
  volume={41},
  number={3},
  pages={59--72},
  year={2007},
  publisher={ACM}
}

@article{deelman2005pegasus,
  title={Pegasus: A framework for mapping complex scientific workflows onto distributed systems},
  author={Deelman, E. and Singh, G. and Su, M.H. and Blythe, J. and Gil, Y. and Kesselman, C. and Mehta, G. and Vahi, K. and Berriman, G.B. and Good, J. and others},
  journal={Scientific Programming},
  volume={13},
  number={3},
  pages={219--237},
  year={2005},
  publisher={IOS Press}
}

@inproceedings{wang2009kepler,
  title={Kepler+ Hadoop: a general architecture facilitating data-intensive applications in scientific workflow systems},
  author={Wang, J. and Crawl, D. and Altintas, I.},
  booktitle={Proceedings of the 4th Workshop on Workflows in Support of Large-Scale Science},
  pages={12},
  year={2009},
  organization={ACM}
}

@article{stoica2001chord,
  title={Chord: A scalable peer-to-peer lookup service for internet applications},
  author={Stoica, I. and others},
  author={Stoica, I. and Morris, R. and Karger, D. and Kaashoek, M.F. and Balakrishnan, H.},
  journal={ACM SIGCOMM Computer Communication Review},
  volume={31},
  number={4},
  pages={149--160},
  year={2001},
  publisher={ACM}
}

@inproceedings{rowstron2001pastry,
  title={Pastry: Scalable, decentralized object location, and routing for large-scale peer-to-peer systems},
  author={Rowstron, A. and Druschel, P.},
  booktitle={Middleware 2001},
  pages={329--350},
  year={2001},
  organization={Springer}
}

@inproceedings{shvachko2010hadoop,
  title={The hadoop distributed file system},
  author={Shvachko, K. and Kuang, H. and Radia, S. and Chansler, R.},
  booktitle={Mass Storage Systems and Technologies (MSST), 2010 IEEE 26th Symposium on},
  pages={1--10},
  year={2010},
  organization={Ieee}
}

@article{bialecki2005hadoop,
  title={Hadoop: a framework for running applications on large clusters built of commodity hardware},
  author={Bialecki, A. and Cafarella, M. and Cutting, D. and O'MALLEY, O.},
  journal={Wiki at http://lucene. apache. org/hadoop},
  year={2005}
}

@inproceedings{akdogan2010voronoi,
  title={Voronoi-based Geospatial Query Processing with MapReduce},
  author={Akdogan, A. and Demiryurek, U. and Banaei-Kashani, F. and Shahabi, C.},
  booktitle={Cloud Computing Technology and Science (CloudCom), 2010 IEEE Second International Conference on},
  pages={9--16},
  year={2010},
  organization={IEEE}
}

@inproceedings{wang2010research,
  author={Yonggang Wang and Sheng Wang},
  booktitle={Geoscience and Remote Sensing (IITA-GRS), 2010 Second IITA International Conference on},
  title={Research and implementation on spatial data storage and operation based on Hadoop platform},
  year={2010},
  month={aug.},
  volume={2},
  number={},
  pages={275 -278},
  keywords={Hadoop platform;MapReduce model;cloud computing;geographic information system;geospatial information service;information sharing;large scale scalable server cluster;performance evaluation;spatial data storage;Internet;distributed processing;geographic information systems;network operating systems;pattern clustering;performance evaluation;},
  doi={10.1109/IITA-GRS.2010.5603956},
ISSN={},}

@article{postgresql,
  title={PostgreSQL},
  author={PostgreSQL Global Development Group},
  journal={http://www.postgresql.org/},
  year={2011},
}

@article{postgis,
  title={PostGIS Manual},
  author={Paul Ramsey},
  journal={http://postgis.refractions.net/},
  year={2011},
}

@article{chang2008bigtable,
  title={Bigtable: A distributed storage system for structured data},
  author={Chang, F. and Dean, J. and Ghemawat, S. and Hsieh, W.C. and Wallach, D.A. and Burrows, M. and Chandra, T. and Fikes, A. and Gruber, R.E.},
  journal={ACM Transactions on Computer Systems (TOCS)},
  volume={26},
  number={2},
  pages={4},
  year={2008},
  publisher={ACM}
}

@article{lakshman2010cassandra,
  title={Cassandra: a decentralized structured storage system},
  author={Lakshman, A. and others},
  author={Lakshman, A. and Malik, P.},
  journal={ACM SIGOPS Op. Sys. Rev.},
  journal={ACM SIGOPS Operating Systems Review},
  volume={44},
  number={2},
  pages={35--40},
  year={2010},
  publisher={ACM}
}

@inproceedings{gonzalez2010google,
  title={Google fusion tables: web-centered data management and collaboration},
  author={Gonzalez, H. and Halevy, A.Y. and Jensen, C.S. and Langen, A. and Madhavan, J. and Shapley, R. and Shen, W. and Goldberg-Kidon, J.},
  booktitle={Proceedings of the 2010 international conference on Management of data},
  pages={1061--1066},
  year={2010},
  organization={ACM}
}

@article{mongodb,
    title={MongoDB},
    journal={http://www.mongodb.org/},
    author={mongoDB Developers},
    year={2013}
}

@inproceedings{rowstron2001storage,
  title={Storage management and caching in PAST, a large-scale, persistent peer-to-peer storage utility},
  author={Rowstron, A. and Druschel, P.},
  booktitle={ACM SIGOPS Operating Systems Review},
  volume={35},
  number={5},
  pages={188--201},
  year={2001},
  organization={ACM}
}

@inproceedings{liu2009implementing,
  title={Implementing WebGIS on Hadoop: A case study of improving small file I/O performance on HDFS},
  author={Liu, X. and Han, J. and Zhong, Y. and Han, C. and He, X.},
  booktitle={Cluster Computing and Workshops, 2009. CLUSTER'09. IEEE International Conference on},
  pages={1--8},
  year={2009},
  organization={IEEE}
}

@inproceedings{dong2010novel,
  title={A novel approach to improving the efficiency of storing and accessing small files on hadoop: a case study by PowerPoint files},
  author={Dong, B. and Qiu, J. and Zheng, Q. and Zhong, X. and Li, J. and Li, Y.},
  booktitle={Services Computing (SCC), 2010 IEEE International Conference on},
  pages={65--72},
  year={2010},
  organization={IEEE}
}

@book{white2010hadoop,
  title={Hadoop: The definitive guide},
  author={White, T.},
  year={2010},
  publisher={Yahoo Press}
}

@article{white2009small,
    title={The Small Files Problem},
    journal={http://www.cloudera.com/blog/2009/02/the-small-files-problem/},
    author={Tom White},
    year={2009}
}

@inproceedings{pandey20092t,
  title={2T-DHT: A Two Tier DHT for Implementing Publish/Subscribe},
  author={Pandey, M. and Ahmed, S.M. and Chaudhary, B.D.},
  booktitle={Computational Science and Engineering, 2009. CSE'09. International Conference on},
  volume={2},
  pages={158--165},
  year={2009},
  organization={IEEE}
}

@inproceedings{ganesan2004canon,
  title={Canon in G major: designing DHTs with hierarchical structure},
  author={Ganesan, P. and Gummadi, K. and Garcia-Molina, H.},
  booktitle={Distributed Computing Systems, 2004. Proceedings. 24th International Conference on},
  pages={263--272},
  year={2004},
  organization={IEEE}
}

@inproceedings{aggarwal2003framework,
  title={A framework for clustering evolving data streams},
  author={Aggarwal, C.C. and Han, J. and Wang, J. and Yu, P.S.},
  booktitle={Proceedings of the 29th international conference on Very large data bases-Volume 29},
  pages={81--92},
  year={2003},
  organization={VLDB Endowment}
}

@article{pitoura2006replication,
  title={Replication, load balancing and efficient range query processing in dhts},
  author={Pitoura, Theoni and Ntarmos, Nikos and Triantafillou, Peter},
  journal={Advances in Database Technology-EDBT 2006},
  pages={131--148},
  year={2006},
  publisher={Springer}
}

@book{gavrila1994r,
  title={R-tree index optimization},
  author={Gavrila, DM},
  year={1994},
  publisher={University of Maryland, Center for Automation Research, Computer Vision Laboratory}
}

@inproceedings{bharambe2004mercury,
  title={Mercury: supporting scalable multi-attribute range queries},
  author={Bharambe, Ashwin R and Agrawal, Mukesh and Seshan, Srinivasan},
  booktitle={ACM SIGCOMM Computer Communication Review},
  volume={34},
  pages={353--366},
  year={2004},
  organization={ACM}
}

@article{triantafillou2004towards,
  title={Towards a unifying framework for complex query processing over structured peer-to-peer data networks},
  author={Triantafillou, Peter and Pitoura, Theoni},
  journal={Databases, Information Systems, and Peer-to-Peer Computing},
  pages={169--183},
  year={2004},
  publisher={Springer}
}

@inproceedings{ntarmos2005range,
  title={Range query optimization leveraging peer heterogeneity},
  author={Ntarmos, Nikos and Pitoura, Theoni and Triantafillou, Peter},
  booktitle={In 3rd International Workshop on Databases, Information Systems and Peer-to-Peer Computing (DBISP2P)},
  year={2005},
  organization={Citeseer},
}

@inproceedings{abdallah2005scalable,
  title={Scalable range query processing for large-scale distributed database applications},
  author={Abdallah, Maha and Le, Hung Cuong},
  booktitle={IASTED PDCS},
  pages={433--439},
  year={2005}
}

@book{ratnasamy2001scalable,
  title={A scalable content-addressable network},
  author={Ratnasamy, Sylvia and Francis, Paul and Handley, Mark and Karp, Richard and Shenker, Scott},
  volume={31},
  number={4},
  year={2001},
  publisher={ACM}
}

@inproceedings{ramabhadran2004prefix,
  title={Prefix hash tree: An indexing data structure over distributed hash tables},
  author={Ramabhadran, Sriram and Ratnasamy, Sylvia and Hellerstein, Joseph M and Shenker, Scott},
  booktitle={Proceedings of the 23rd ACM Symposium on Principles of Distributed Computing},
  year={2004}
}

@article{dinda1998statistical,
  title={The statistical properties of host load},
  author={Dinda, Peter},
  journal={Languages, Compilers, and Run-Time Systems for Scalable Computers},
  pages={319--334},
  year={1998},
  publisher={Springer}
}

@article{zhang2005workload,
  title={Workload-aware load balancing for clustered web servers},
  author={Zhang, Qi and Riska, Alma and Sun, Wei and Smirni, Evgenia and Ciardo, Gianfranco},
  journal={Parallel and Distributed Systems, IEEE Transactions on},
  volume={16},
  number={3},
  pages={219--233},
  year={2005},
  publisher={IEEE}
}

@article{finkel1974quad,
  title={Quad trees a data structure for retrieval on composite keys},
  author={Finkel, Raphael A. and Bentley, Jon Louis},
  journal={Acta informatica},
  volume={4},
  number={1},
  pages={1--9},
  year={1974},
  publisher={Springer}
}

@article{wu2004efficient,
  title={An efficient compression scheme for bitmap indices},
  author={Wu, Kesheng and Otoo, Ekow J and Shoshani, Arie},
  year={2004}
}

@article{colantonio2010concise,
  title={Concise: Compressed `n' Composable Integer Set},
  author={Colantonio, Alessandro and Di Pietro, Roberto},
  journal={Information Processing Letters},
  volume={110},
  number={16},
  pages={644--650},
  year={2010},
  publisher={Elsevier}
}

@article{lemire2010sorting,
  title={Sorting improves word-aligned bitmap indexes},
  author={Lemire, Daniel and others},
  author={Lemire, Daniel and Kaser, Owen and Aouiche, Kamel},
  journal={Data \& Knowledge Engineering},
  volume={69},
  number={1},
  pages={3--28},
  year={2010},
  publisher={Elsevier}
}

@article{chan1998bitmap,
  title={Bitmap index design and evaluation},
  author={Chan, Chee-Yong and Ioannidis, Yannis E},
  journal={ACM SIGMOD Record},
  volume={27},
  number={2},
  pages={355--366},
  year={1998},
  publisher={ACM}
}

@inproceedings{antoine2011accelerating,
  title={Accelerating spatial join operations using bit-indices},
  author={Antoine, Elizabeth and Ramamohanarao, Kotagiri and Shao, Jie and Zhang, Rui},
  booktitle={Proceedings of the Twenty-Second Australasian Database Conference-Volume 115},
  pages={123--132},
  year={2011},
  organization={Australian Computer Society, Inc.}
}

@inproceedings{lopes2009spatial,
  title={A spatial bitmap-based index for geographical data warehouses},
  author={Lopes Siqueira, Thiago Lu{\'\i}s and Ciferri, Ricardo Rodriques and others},
  author={Lopes Siqueira, Thiago Lu{\'\i}s and Ciferri, Ricardo Rodrigues and Times, Val{\'e}ria Ces{\'a}rio and de Aguiar Ciferri, Cristina Dutra},
  booktitle={Proceedings of the 2009 ACM symposium on Applied Computing},
  pages={1336--1342},
  year={2009},
  organization={ACM}
}

@inproceedings{mondal2005p2pr,
  title={P2pr-tree: An r-tree-based spatial index for peer-to-peer environments},
  author={Mondal, Anirban and others},
  author={Mondal, Anirban and Lifu, Yi and Kitsuregawa, Masaru},
  booktitle={Current Trends in Database Technology-EDBT 2004 Workshops},
  pages={516--525},
  year={2005},
  organization={Springer}
}

@inproceedings{du2007sd,
  title={Sd-rtree: A scalable distributed rtree},
  author={du Mouza, C{\'e}dric and Litwin, Witold and Rigaux, Philippe},
  booktitle={Data Engineering, 2007. ICDE 2007. IEEE 23rd International Conference on},
  pages={296--305},
  year={2007},
  organization={IEEE}
}

@book{guttman1984r,
  title={R-trees: A dynamic index structure for spatial searching},
  author={Guttman, Antonin},
  volume={14},
  number={2},
  year={1984},
  publisher={ACM}
}

@techreport{wu2001notes,
    title={Notes on design and implementation of compressed bit vectors},
    author={Wu, Kesheng and others},
    author={Wu, Kesheng and Otoo, Ekow J and Shoshani, Arie and Nordberg, Henrik},
    year={2001},
    institution={Technical Report LBNL/PUB-3161, Lawrence Berkeley National Laboratory, Berkeley, CA}
}

@inproceedings{malensek2013polygon,
    author = {Malensek, Matthew and Pallickara, Sangmi and Pallickara,
        Shrideep},
    title = {Polygon-Based Query Evaluation over Geospatial Data Using
        Distributed Hash Tables},
    booktitle = {Proceedings of the 2013 IEEE/ACM 6th International
        Conference on Utility and Cloud Computing (UCC)},
    location = {Dresden, Germany},
    year = {2013},
    month = {Dec},
    pages = {219--226},
    numpages = {8},
    doi = {10.1109/UCC.2013.46},
    acmid = {2588694},
} 

@article{malensek2014evaluating,
    author={Matthew Malensek and Sangmi Lee Pallickara and Shrideep Pallickara},
    journal={IEEE Computing in Science Engineering (CiSE)},
    title={Evaluating Geospatial Geometry and Proximity Queries Using Distributed Hash Tables},
    year={2014}, 
    volume={16}, 
    number={4}, 
    pages={53-61}, 
    doi={10.1109/MCSE.2014.48}, 
    ISSN={1521-9615}, 
    month={Jul},
}

@article{malensek2016autonomous,
    title={Autonomous Cloud Federation for High-Throughput Queries over
        Voluminous Datasets},
    author={Malensek, Matthew and Pallickara, Sangmi Lee and Pallickara,
        Shrideep},
    journal={IEEE Cloud Computing},
    volume={3},
    number={3},
    pages={40--49},
    year={2016},
    month={May},
    publisher={IEEE},
    doi={10.1109/MCC.2016.65},
}

@article{chambi2016better,
  title={Better bitmap performance with Roaring bitmaps},
  author={Chambi, Samy and Lemire, Daniel and Kaser, Owen and Godin, Robert},
  journal={Software: practice and experience},
  volume={46},
  number={5},
  pages={709--719},
  year={2016},
  publisher={Wiley Online Library}
}

@article{lemire2016consistently,
  title={Consistently faster and smaller compressed bitmaps with roaring},
  author={Lemire, Daniel and Ssi-Yan-Kai, Gregory and Kaser, Owen},
  journal={Software: Practice and Experience},
  volume={46},
  number={11},
  pages={1547--1569},
  year={2016},
  publisher={Wiley Online Library}
}

@inproceedings{antoshenkov1995byte,
  doi = {10.1109/dcc.1995.515586},
  url = {https://doi.org/10.1109/dcc.1995.515586},
  publisher = {{IEEE} Comput. Soc. Press},
  author = {G. Antoshenkov},
  title = {Byte-aligned bitmap compression},
  booktitle = {Proceedings {DCC} {\textquotesingle}95 Data Compression Conference}
}
